<record><leader>00000cas a2200000 a 4500</leader><controlfield tag="001">64661952</controlfield><controlfield tag="008">060314c20069999gauwr n       0    0eng c</controlfield><datafield ind1=" " ind2=" " tag="010"><subfield code="a">  2006233147</subfield></datafield><datafield ind1=" " ind2=" " tag="040"><subfield code="a">GUA</subfield><subfield code="b">eng</subfield><subfield code="c">GUA</subfield><subfield code="d">GUA</subfield><subfield code="d">OCLCQ</subfield><subfield code="d">OCLCF</subfield><subfield code="d">OCLCO</subfield></datafield><datafield ind1="1" ind2=" " tag="029"><subfield code="a">AU@</subfield><subfield code="b">000040188592</subfield></datafield><datafield ind1=" " ind2=" " tag="042"><subfield code="a">pcc</subfield></datafield><datafield ind1=" " ind2=" " tag="043"><subfield code="a">n-us-ga</subfield></datafield><datafield ind1="1" ind2="4" tag="050"><subfield code="a">AN13.A82</subfield><subfield code="b">S766</subfield></datafield><datafield ind1="0" ind2="4" tag="245"><subfield code="a">The Buckhead story.</subfield></datafield><datafield ind1="3" ind2=" " tag="246"><subfield code="a">Story</subfield></datafield><datafield ind1=" " ind2=" " tag="260"><subfield code="a">Atlanta, GA :</subfield><subfield code="b">Story LLC,</subfield><subfield code="c">2006-</subfield></datafield><datafield ind1=" " ind2=" " tag="300"><subfield code="a">v. :</subfield><subfield code="b">ill. ;</subfield><subfield code="c">28 cm.</subfield></datafield><datafield ind1=" " ind2=" " tag="310"><subfield code="a">Weekly</subfield></datafield><datafield ind1="0" ind2=" " tag="362"><subfield code="a">Vol. 4, no. 45 (Feb. 16, 2006)-</subfield></datafield><datafield ind1=" " ind2=" " tag="500"><subfield code="a">Title from caption.</subfield></datafield><datafield ind1=" " ind2=" " tag="530"><subfield code="a">Current issue also available online.</subfield></datafield><datafield ind1=" " ind2=" " tag="580"><subfield code="a">Has companion publication: Intown story.</subfield></datafield><datafield ind1=" " ind2=" " tag="588"><subfield code="a">Latest issue consulted: Vol. 4, no. 47 (Mar. 2, 2006).</subfield></datafield><datafield ind1=" " ind2="0" tag="651"><subfield code="a">Buckhead (Atlanta, Ga.)</subfield><subfield code="v">Newspapers.</subfield></datafield><datafield ind1=" " ind2="7" tag="655"><subfield code="a">Newspapers.</subfield><subfield code="2">fast</subfield><subfield code="0">(OCoLC)fst01423814</subfield></datafield><datafield ind1=" " ind2="7" tag="651"><subfield code="a">Georgia</subfield><subfield code="z">Atlanta</subfield><subfield code="z">Buckhead.</subfield><subfield code="2">fast</subfield><subfield code="0">(OCoLC)fst01711934</subfield></datafield><datafield ind1=" " ind2=" " tag="752"><subfield code="a">United States</subfield><subfield code="b">Georgia</subfield><subfield code="d">Atlanta.</subfield></datafield><datafield ind1="1" ind2=" " tag="787"><subfield code="t">Intown story</subfield><subfield code="w">(DLC)  2006233152</subfield><subfield code="w">(OCoLC)64448417</subfield></datafield><datafield ind1="4" ind2="1" tag="856"><subfield code="u">http://www.the-stories.com/gbase/Expedite/index.html</subfield></datafield></record>